<?xml version="1.0" encoding="UTF-8"?><record xmlns="http://www.loc.gov/MARC21/slim" xmlns:cinclude="http://apache.org/cocoon/include/1.0" xmlns:zs="http://www.loc.gov/zing/srw/">
  <leader>00450nz  a2200133n  4500</leader>
  <controlfield tag="001">no 96068893 </controlfield>
  <controlfield tag="003">DLC</controlfield>
  <controlfield tag="005">19970102044923.0</controlfield>
  <controlfield tag="008">961231n| acannaab|          |n aaa     c</controlfield>
  <datafield tag="010" ind1=" " ind2=" ">
    <subfield code="a">no 96068893 </subfield>
  </datafield>
  <datafield tag="035" ind1=" " ind2=" ">
    <subfield code="a">(OCoLC)oca04237837 </subfield>
  </datafield>
  <datafield tag="040" ind1=" " ind2=" ">
    <subfield code="a">TxDa</subfield>
    <subfield code="c">TxDa</subfield>
  </datafield>
  <datafield tag="100" ind1="1" ind2="0">
    <subfield code="a">Silvernail, Peter,</subfield>
    <subfield code="d">1836-1899</subfield>
  </datafield>
  <datafield tag="670" ind1=" " ind2=" ">
    <subfield code="a">Southern Columbia County, New York, families, c1996:</subfield>
    <subfield code="b">t.p. (compiled by Peter Silvernail) p. 207 (b. 8.1.1836 in the town of Ancram; d. 8.31.1899.</subfield>
  </datafield>
</record>